2934 4234
329 472 362 531 12
493 483 660 525 inmitem
676 483 782 524 soum
796 484 879 524 apuu
897 482 1056 525 nouenos.

326 648 445 704 Caelitus
459 667 562 705 eversae
576 648 679 719 exitio;
700 658 794 724 stupet
808 647 881 703 Itala
893 648 982 723 pubes

329 752 398 808 Fixa
411 753 514 819 oculos,
528 755 654 829 viresque
669 753 749 808 timet
763 751 912 828 vultusque
926 752 1058 828 superbos

310 856 498 922 ·Viuet0ru1n,
512 856 644 933 certaque
658 855 766 911 animos
779 855 808 910 in
823 863 912 910 morte
927 853 1080 910 feroces.—

369 963 445 1037 Ergo
459 962 541 1037 agite,
557 959 684 1026 Ausonii,
698 958 937 1014 saevos-celebrate
952 958 1117 1035 triumphos,

329 1065 408 1120 Dum
422 1065 487 1120 lieet
498 1064 638 1140 ;—ignari
652 1065 736 1120 tantis
751 1081 836 1140 quam
851 1062 966 1138 parvula
978 1063 1060 1119 rebus

329 1170 391 1224 Stet
405 1167 461 1224 lato
476 1186 604 1225 concessa
618 1166 685 1223 dies.
726 1167 744 1223 J
748 1185 792 1222 am
806 1166 925 1242 lugubre
938 1166 1039 1222 eaelum

330 1273 480 1328 Ominibus
494 1283 590 1337 scatet,
604 1281 632 1328 et
648 1271 757 1327 venturi
770 1270 887 1346 praescia
900 1270 981 1326 casus

331 1374 490 1431 Pallescunt
503 1374 672 1430 simulachra
685 1373 793 1440 Dellm,
807 1374 981 1452 suspiriaque
995 1376 1050 1432 altu

330 1477 427 1544 Audit,
442 1488 469 1533 et
483 1477 596 1533 insoliti
611 1477 731 1553 gemitus
746 1477 797 1532 sub
810 1489 892 1533 noete
905 1477 1040 1534 sacerdos.

332 1581 459 1656 Magnus
473 1580 559 1649 adest,
569 1582 685 1657 jamque
700 1579 833 1636 Hebraeis
847 1581 1019 1637 ementibus
1034 1581 1118 1638 Ultor

333 1685 423 1751 Exiit,
439 1685 584 1761 Indigetes
599 1685 688 1742 Divos
702 1696 730 1741 et
742 1685 833 1761 prisca
845 1684 970 1740 locorum

334 1787 392 1850 Qui
405 1790 497 1844 turbet
511 1807 597 1855 saera,
612 1789 657 1845 cui
671 1789 751 1845 cedet
766 1789 829 1844 Rex
843 1788 956 1864 Jupiter
969 1788 1059 1854 Arcis,

335 1890 375 1946 Et
389 1890 480 1955 Mars,
494 1901 522 1946 et
536 1890 764 1947 Bellonat-Illi
776 1909 833 1946 non
847 1889 959 1947 horrida
972 1889 1055 1955 bella,

336 1994 365 2049 N
367 2012 404 2049 en
418 2012 499 2050 enses
513 1993 659 2071 galeaeque
672 1993 800 2070 placent;
821 1993 870 2048 sed
883 2011 999 2049 munera
1011 1994 1088 2069 pacis

337 2096 423 2152 Casta
436 2095 535 2164 ferent,
549 2107 691 2173 grataeque
705 2096 769 2152 albo
784 2095 920 2152 velamine
934 2097 1023 2154 turbae

340 2201 479 2263 innocuas
494 2200 597 2264 ducent
609 2219 680 2277 pura
693 2199 727 2256 ad
743 2199 859 2256 donaria
870 2217 996 2276 pompas.

779 2385 970 2445 EDVINUS
991 2387 1176 2457 PALMER,

866 2514 885 2557 u
901 2515 986 2557 eous.
1000 2519 1088 2559 suus.
