2934 4234
292 506 309 558 6
459 518 626 561 raruurur
643 518 748 560 rtrum
762 521 845 560 erun
863 521 1022 561 sonares.

292 683 433 757 Agmina3
453 701 516 757 pars
531 692 588 738 tote
603 681 762 739 frondentia
774 683 884 758 pulpita
898 682 983 740 Circo

294 784 386 859 Inque
401 783 474 840 Foro
487 802 621 860 posuere:
641 784 714 841 latus
728 784 834 841 declive
851 785 942 842 Palati

293 887 435 944 Consertis
448 899 503 945 stat
516 888 635 945 densum
648 889 792 960 humeris3
811 909 863 946 ceu
876 891 989 947 flamine
1002 891 1096 968 primo

293 991 389 1056 Quum
405 1004 496 1048 tumet
508 1011 656 1068 assurgens
670 1003 698 1049 et
710 993 789 1049 mille
802 995 928 1051 incanuit
941 995 1024 1052 undis

293 1095 425 1153 Oceanus
433 1115 442 1167 ;
464 1097 506 1152 vel
521 1116 586 1153 cum
600 1109 723 1172 segetem
738 1096 869 1173 delapsus
882 1099 911 1154 in
925 1100 1029 1156 almam

293 1200 362 1257 Huc
376 1200 443 1256 illuc
458 1201 606 1276 Zephyrus
619 1200 760 1257 condensa
773 1181 919 1259 cacumina
931 1217 1071 1270 versat,—

294 1305 425 1362 Fluctuat
438 1305 529 1363 emitis
542 1323 618 1380 ager,
632 1304 793 1382 celeresque
807 1317 955 1362 moventur
966 1308 1068 1364 aristae.

295 1408 424 1464 Paullum
438 1426 544 1474 ornnes,
561 1407 690 1463 Paullum
704 1408 890 1482 ingeminant,
905 1410 955 1487 qui
971 1410 1072 1468 Persea
1085 1412 1162 1468 hello

294 1512 418 1578 Fuderit,
432 1523 460 1569 et
474 1511 575 1569 Graias
590 1511 719 1569 Romanu
734 1511 829 1569 Marte
842 1513 1006 1589 phalanges.

294 1615 376 1671 lllius
390 1615 521 1691 auspiciis
534 1613 672 1692 Pelopeas
684 1615 760 1671 alma
771 1633 822 1690 per
835 1618 918 1673 mbes

294 1721 420 1776 Libertas
434 1719 534 1775 iterum
549 1729 633 1795 caput
645 1718 745 1794 erigit,
764 1718 812 1776 ille
826 1722 960 1796 superbos

294 1823 405 1899 Regum
420 1825 522 1899 apices,
536 1841 625 1899 genus
638 1821 750 1880 excelsa
763 1822 799 1880 de
811 1825 897 1901 stirpe
912 1825 1048 1902 Philippi,

294 1927 377 1984 Ferre
387 1918 500 2003 jugum,
515 1938 543 1982 et
557 1925 625 1983 fasci
639 1926 734 1985 docuit
749 1928 850 1984 servire
865 1929 977 1986 Latino.

332 2031 371 2086 At
384 2030 477 2087 subito
490 2043 612 2096 tacuere,
625 2029 707 2087 simul
722 2050 898 2108 compressus
912 2045 939 2089 et
952 2033 1047 2089 omnis

295 2135 433 2209 Impetus.
472 2133 546 2189 Ante
560 2133 656 2190 oculos
669 2134 742 2191 laxis
755 2135 938 2212 compagibus
951 2149 1036 2193 arctae

293 2237 449 2294 Dissiluere
463 2237 551 2308 seres;
571 2235 653 2314 portal
669 2238 744 2295 venit
756 2258 858 2314 agmen
871 2242 976 2316 aperta,

293 2340 467 2417 Affectatque
480 2341 561 2397 iiam.
604 2339 795 2417 Spectandum
810 2342 839 2399 in
853 2343 979 2399 curribus
992 2343 1057 2400 altis

295 2444 460 2501 Phidiactun
473 2455 599 2521 portatur
611 2447 689 2512 ebur,
703 2447 829 2522 viraeque
843 2446 965 2510 tabellae,

293 2549 437 2625 Cecropiis
451 2560 546 2625 erepta
558 2547 607 2605 diu
616 2549 706 2626 spolia
718 2549 826 2626 inclyta
841 2549 961 2626 templis.

295 2650 465 2717 Succedunt,
477 2661 622 2728 tractuque
637 2653 716 2726 gravi
726 2669 777 2727 per
790 2663 876 2709 strata
889 2651 995 2708 viarum

295 2753 422 2810 Plaustra
435 2765 536 2810 sonant
548 2762 662 2811 onerata
674 2754 777 2823 armis3
798 2751 913 2810 confusa
927 2752 1054 2811 seruntur

295 2857 409 2935 Spicula
422 2876 486 2914 cum
501 2857 616 2934 clypeis,
629 2855 710 2913 miles
724 2874 796 2932 quos
810 2855 949 2913 Gnossius
963 2857 1032 2913 olim

295 2964 436 3027 Gesserat,
449 2975 477 3017 et
491 2961 579 3036 galera
591 2960 684 3026 laeves,
697 2959 846 3036 mistisque
859 2957 997 3035 pharetris

295 3066 474 3123 Bistonidum
488 3066 583 3141 peltae,
596 3064 738 3141 gladiique
752 3064 897 3136 hastaque
910 3071 1066 3117 coruscant.

298 3169 375 3235 Quid
389 3170 478 3225 varios
490 3168 608 3227 reseram
623 3167 733 3235 calices,
746 3181 832 3244 atque
845 3183 943 3240 aspera
955 3164 1043 3240 signis

296 3272 426 3329 Pocula?
448 3272 515 3350 quid
530 3272 650 3348 gemmis
662 3290 762 3347 regum
775 3283 895 3326 crateras
908 3278 936 3324 et
949 3286 1017 3325 auro

297 3377 436 3452 Insignes,
451 3387 585 3452 vastoque
598 3374 706 3451 argenti
719 3373 841 3450 pondere
856 3371 948 3429 tardos

297 3478 418 3536 Stridere
432 3497 603 3537 serracorum
619 3477 722 3537 orbes?
745 3478 825 3543 Quin
840 3477 925 3534 tristis
937 3476 1032 3552 imago
