2934 4234
454 547 621 589 aaronem
639 548 744 589 rouen
758 551 842 590 arun
859 549 1016 592 nonanus.
1167 538 1185 591 7

285 712 420 788 Lugentis
436 712 545 768 vehitur
559 723 658 782 terrae3
677 713 816 769 mirantur
829 714 928 770 ahenis

285 815 408 872 Castella
420 816 450 870 in
465 814 590 880 tumulis,
604 812 700 871 fiotum
715 815 853 872 mirantur
866 815 1034 893 Olympum,

286 919 500 993 Pendentesque
513 935 580 974 auro
595 917 697 993 sylvas,
711 933 740 975 et
753 921 858 976 moenia
873 919 990 996 Pydnae.

285 1023 361 1079 Tum
376 1033 498 1097 strepere
511 1021 681 1078 horrendum
696 1021 769 1089 litui,
783 1023 954 1100 clangorque
968 1025 1099 1080 tubarum

285 1125 392 1191 Audiri,
407 1126 484 1182 velut
497 1125 657 1201 oppositum
673 1126 819 1184 Romanus
832 1128 862 1183 in
876 1127 986 1185 hostem

287 1228 384 1293 Quum
398 1229 463 1295 ruit,
477 1228 660 1306 ardentesque
675 1230 832 1287 accendunt
844 1230 959 1287 classica
971 1249 1090 1306 pugnas.

290 1334 361 1389 Inde
375 1335 425 1399 tui,
440 1332 594 1400 Clitumne,
608 1352 715 1410 greges,
730 1333 812 1410 qnels
825 1332 915 1390 infula
929 1333 1048 1389 frontem

287 1437 402 1512 Alligat,
415 1449 444 1493 et
457 1437 535 1493 tenui
545 1436 719 1494 circumdant
733 1450 859 1512 tempora
872 1438 950 1494 vittae

287 1540 433 1617 Compede
441 1559 450 1611 3
472 1540 621 1599 candentes
635 1540 766 1600 humeros
780 1555 933 1618 aurataque
947 1541 1050 1599 circum

289 1645 404 1702 Cornua
416 1645 549 1721 pmpurei
562 1656 678 1701 nectunt
692 1645 844 1701 retinacula
857 1645 946 1701 flores.

290 1751 319 1805 N
322 1768 354 1805 ec
366 1749 464 1825 procul
480 1749 629 1805 Haemonii
642 1768 748 1817 currus,
762 1762 791 1807 et
803 1751 881 1826 regia
893 1752 986 1826 gentis

290 1854 377 1909 Arma
390 1855 504 1920 micant,
518 1852 668 1930 fratrisque
682 1855 750 1911 olim
764 1854 893 1912 diadema
905 1866 1033 1930 paratum

292 1957 445 2033 Sanguine.
487 1955 684 2032 'Subsequitur
695 1958 787 2034 proles
800 1959 910 2034 captiva
923 1959 1035 2034 tyranni

290 2065 307 2120 J
312 2083 356 2121 arn
370 2075 466 2120 tenero
480 2062 638 2120 miseranda
652 2082 729 2134 aevo3
751 2078 844 2121 tamen
859 2065 947 2120 inscia
960 2063 1042 2120 sortis

293 2169 360 2243 Ipsa
374 2187 443 2233 suae,
456 2186 589 2243 pompam
603 2167 708 2225 mirans
722 2167 910 2243 circumspicit
924 2186 1047 2231 omnem,

294 2272 479 2348 lnsuetasque
493 2272 640 2328 hominum
656 2269 749 2338 sanies,
762 2284 791 2328 et
803 2290 861 2327 non
874 2289 926 2327 sua
939 2281 1022 2337 tecta,

294 2377 357 2433 Nec
370 2376 501 2452 dignatur
514 2373 606 2431 adhuc
619 2374 719 2431 fientes
732 2374 828 2432 audire
842 2375 1000 2450 magistros,

294 2480 323 2535 N
326 2500 356 2536 ec
370 2482 454 2536 vitam
468 2489 572 2555 petere,
585 2490 613 2535 et
627 2477 752 2555 duplices
766 2477 916 2535 extendere
929 2478 1047 2554 palmas.

297 2581 368 2646 Quis
383 2593 475 2638 tamen
489 2581 546 2646 ille,
560 2599 673 2656 gregem
688 2581 738 2656 qui
753 2582 794 2636 sic
804 2581 953 2636 comitatur
966 2591 1079 2636 euntem

296 2685 448 2750 Attonitus,
463 2696 597 2760 tanquam
612 2683 702 2739 ventis
715 2681 825 2739 afflatus
839 2693 867 2738 et
880 2683 939 2758 igni

298 2785 470 2844 Fulmineo?
491 2787 530 2842 sic
544 2804 593 2842 ora
605 2797 712 2853 vacant,
726 2786 766 2842 sic
780 2786 907 2842 membra
918 2799 1066 2844 moventur

297 2893 402 2968 Sponte
417 2889 478 2955 suh,
492 2887 599 2966 fixique
612 2890 704 2964 rigent
717 2889 746 2945 in
761 2888 873 2945 sedibus
887 2892 976 2946 orbes

298 2995 366 3052 Non
380 2996 449 3052 ebur
462 2994 611 3059 intextum,
625 2991 700 3049 clara
713 3011 770 3048 non
783 3011 907 3069 purpura
921 2978 995 3050 veste

332 3186 339 3220 ¹
357 3186 374 3214 “
388 3189 424 3235 At
443 3203 459 3234 a
477 3186 540 3235 little
559 3186 668 3235 distance
686 3185 800 3235 Perseus'
817 3186 928 3234 ohildren
951 3202 1013 3235 were
1034 3187 1073 3234 led
1092 3187 1198 3248 captive,

299 3268 451 3330 attendedby
463 3284 478 3316 a
489 3274 559 3331 great
570 3267 670 3316 number
681 3267 708 3315 ol
715 3282 855 3330 guterrem,
868 3273 979 3330 masters,
991 3267 1040 3314 and
1050 3272 1198 3330 preceptore,

299 3347 332 3396 all
342 3348 368 3395 iu
378 3352 452 3410 team,
464 3347 518 3395 who
528 3347 651 3397 stretched
666 3353 708 3395 out
722 3348 786 3396 their
795 3349 873 3396 hands
889 3349 921 3410 by
932 3363 986 3409 way
998 3348 1025 3395 of
1037 3346 1198 3410 supplication

298 3436 323 3477 to
343 3428 385 3476 the
406 3433 550 3492 spectatore,
570 3429 618 3476 and
639 3429 728 3490 taught
749 3429 791 3477 the
813 3428 922 3476 children
945 3436 969 3477 to
991 3429 1021 3475 do
1042 3427 1084 3475 the
1106 3427 1199 3476 same-¹²

300 3511 425 3558 Plutarch.
437 3510 462 3557 in
477 3509 524 3558 Vn.
536 3509 637 3558 AEmt‘h‘r'.

1181 3672 1226 3746 Ι
