2934 4234
250 499 269 554 8
419 514 586 554 rnruuunr
604 513 707 552 nourr
721 511 805 551 trun
822 508 981 550 nonnuos.

251 678 367 734 Enitet:
390 678 523 733 Emathio
537 687 645 733 tanturn
661 675 695 731 de
708 693 787 731 more
800 674 949 750 recingunt

249 780 349 836 Vincla
362 779 464 857 pedes3
485 779 608 836 humeris
622 791 681 835 ater
694 777 833 854 dependet
845 779 975 834 amictus.

252 885 308 942 Sed
322 885 443 960 gemitus
455 885 528 940 circa
541 884 686 948 comitum,
700 881 749 937 sed
761 881 869 938 lumina
881 881 910 936 in
924 900 1014 938 unum

251 990 402 1056 Conversa,
416 1000 445 1044 et
456 989 550 1044 moesti
564 987 648 1043 tacita
661 985 835 1041 observantia
847 983 943 1041 vultds

251 1092 398 1170 Significat
415 1092 542 1168 Regem3
562 1090 745 1168 nequeenim
759 1107 810 1144 sua
824 1090 935 1146 vincula
946 1090 1038 1166 plorat

251 1197 323 1254 Fida
337 1199 436 1254 cohors
444 1216 453 1268 ;
474 1197 533 1272 regi
546 1195 681 1271 invigilat,
694 1194 754 1269 regi
768 1193 897 1250 imminet
909 1193 1012 1259 omnis,

251 1300 331 1358 Huic
346 1301 434 1367 timet,
448 1301 514 1356 huic
524 1300 609 1374 longo
623 1297 700 1354 ducit
713 1297 832 1373 suspiria
845 1297 932 1353 luctu.

288 1402 934 1482 JamqueipseanteoculoS‚quemplebS,quem
942 1401 1152 1467 Romasalutat,

252 1509 402 1584 Factaque,
417 1507 623 1584 fortunamque,
637 1517 665 1562 et
677 1505 774 1563 laudes
787 1507 910 1563 nubibus
923 1524 1048 1582 aequans,

250 1612 359 1669 Consul
373 1612 597 1669 adest-Paeana
611 1622 724 1668 canunt.
767 1609 842 1665 Proh
855 1620 969 1685 pectora
982 1608 1084 1666 frustra

250 1713 337 1772 Caeca
351 1714 512 1772 hominum!
547 1716 740 1790 Pompamque
749 1714 823 1770 inter
832 1713 1004 1791 plaususque
1014 1710 1149 1769 secundos

250 1819 330 1875 Dum
345 1831 448 1896 stupet,
463 1831 490 1876 et
504 1819 617 1876 simulat
631 1829 776 1893 composto
790 1817 894 1893 gaudia
907 1818 995 1885 vultu,

249 1923 344 1979 Corda
358 1923 437 1978 dolor
450 1925 552 2000 premit
564 1924 640 1978 intus
654 1939 750 1996 agens.
791 1920 870 1986 Quid
884 1921 979 1977 laurea
993 1920 1116 1988 tandem,

249 2026 327 2092 Quid
341 2045 438 2083 currus
451 2040 499 2083 aut
513 2039 622 2102 sceptra
631 2022 754 2098 juvant?
776 2022 845 2100 quid
860 2025 942 2080 turba
955 2024 1099 2082 saventtim

251 2130 384 2198 Plurima,
398 2132 422 2188 si
437 2131 537 2188 feretro
550 2129 692 2196 indormit,
706 2127 796 2204 magis
811 2128 942 2184 omnibus
956 2148 1045 2187 unum

249 2235 343 2300 Quem
358 2247 437 2313 pater
450 2246 572 2312 optasset
586 2235 735 2304 comitem3
757 2232 807 2308 qni
819 2232 927 2307 primus
941 2233 1034 2290 amicd

248 2338 323 2394 Voce
337 2339 422 2395 decus
434 2339 567 2415 patrium,
581 2347 609 2394 et
621 2336 721 2412 plenos
735 2334 890 2392 celebrdrat
904 2337 1024 2395 honores
1033 2336 1062 2394 θ’

249 2439 337 2498 Parce
351 2454 445 2500 tamen
459 2442 562 2509 flendo,
575 2455 660 2518 atque
674 2441 802 2516 ingentes
816 2441 970 2516 comprime
984 2441 1092 2512 luctus;

249 2546 326 2603 Narn
341 2547 420 2603 lateri
433 2548 484 2603 tibi
499 2565 595 2623 sospes
608 2545 696 2612 adest,
710 2545 761 2621 qui
775 2545 888 2601 nomine
903 2563 1067 2622 quanquam

279 2832 290 2864 ²
308 2830 325 2858 “
338 2831 397 2878 Non
410 2830 514 2878 Perseus
525 2834 620 2878 tanturn
631 2845 674 2894 per
685 2831 738 2879 illos
750 2832 801 2881 dies
812 2834 980 2882 documentum
990 2833 1148 2879 humanorum

248 2925 348 2957 casuum
355 2910 410 2971 tuit,
417 2909 442 2956 in
452 2908 544 2957 catenis
553 2915 609 2957 ante
618 2924 712 2958 currum
720 2911 819 2960 victoris
828 2913 895 2962 ducis
904 2927 946 2976 per
953 2909 1035 2958 urbem
1043 2908 1150 2957 hostium

248 2989 348 3048 ductus;
365 2988 493 3036 sedetiam
504 2991 580 3037 vietor
592 2989 703 3054 Paullus,
715 3008 774 3041 auro
784 2993 934 3057 purpuritque
944 2990 1047 3054 fulgens.
1080 2991 1149 3040 Nam

248 3069 339 3117 duobus
356 3085 369 3117 e
386 3069 453 3131 filiis,
471 3085 538 3132 quos,
556 3070 647 3119 duobus
664 3073 726 3121 datis
743 3075 769 3121 iu
786 3075 947 3138 adoptionem,
958 3073 1020 3121 solos
1036 3073 1149 3134 nominis,
1172 3098 1180 3111 κ

248 3165 380 3210 sacrorum,
408 3149 554 3212 famiiiaeque
580 3152 688 3201 haeredcs
712 3155 845 3202 retinuerat
871 3156 944 3219 domi,
966 3154 1053 3217 minor,
1074 3155 1150 3203 ferme

247 3228 373 3277 duodecim
389 3243 465 3276 annos
481 3235 562 3293 natus,
580 3232 685 3294 quinque
702 3232 786 3280 diebus
809 3240 866 3281 ante
886 3235 1045 3297 triumphum,
1061 3235 1149 3298 major,

248 3309 429 3372 quatuordeeim
457 3324 582 3373 annorum,
604 3311 683 3359 triduo
704 3319 760 3377 post
780 3314 927 3377 triumphurn
949 3313 1066 3363 decessit:
1091 3328 1149 3377 quos

247 3397 405 3452 praetextams
417 3404 487 3437 curru
498 3391 550 3438 vehi
563 3406 618 3438 cum
628 3398 706 3455 patre,
715 3392 762 3440 sibi
772 3394 836 3456 ipsos
847 3394 938 3442 similes
950 3394 1149 3459 praedeetintmtee

248 3471 390 3534 triumphos,
401 3470 565 3531 oportuerat.''
598 3471 651 3518 Lio.
663 3471 714 3518 xlv.
726 3486 748 3519 e.
759 3475 799 3518 to.
