2934 4234
474 539 642 580 TRIUMPHI
659 539 765 579 ΡΟΜΡΔ
779 540 863 581 trun
880 541 1040 582 ROMANOS.

306 699 372 767 Qua
389 701 455 778 suga
469 703 647 769 Parthorum,
661 702 789 780 torvique
803 703 943 781 insculpta
959 704 1065 761 Severi·

308 804 424 882 Effigies
437 807 525 877 nitet3
546 819 595 864 aut
608 825 710 862 eversae
724 804 782 862 sata
797 806 892 863 Sionis

306 910 444 986 Aspicias,
458 920 611 987 sanctoque
625 910 744 986 Aquilas
757 911 884 967 insistere
897 912 1036 988 Templo;

307 1014 372 1070 Nec
384 1014 484 1091 procul
497 1014 573 1070 illius
586 1014 692 1081 titulos
708 1014 850 1090 Byzantia
862 1016 970 1090 primus

307 1120 420 1176 Moenia
434 1121 484 1196 qui
496 1121 594 1196 patriae
611 1118 756 1175 Romanus
768 1119 893 1196 procudit
906 1121 977 1176 urbi.

348 1222 439 1279 Suave
452 1222 590 1279 laboratas
603 1223 693 1280 moles
706 1235 734 1279 et
747 1224 839 1300 prisca
851 1223 923 1280 tueri

309 1325 463 1393 Marmora,
477 1327 556 1402 quels
568 1345 680 1402 magnae
694 1326 786 1384 laudis
798 1346 878 1384 mens
892 1327 1011 1394 conseia,
1025 1325 1127 1384 famam

310 1429 461 1506 Indignata
473 1431 587 1487 brevem
601 1431 751 1507 tacitaeque
764 1431 876 1488 silentia
887 1432 996 1499 martia,

309 1533 456 1609 Impressit
467 1546 651 1590 monumenta
663 1535 716 1602 sui,
729 1535 953 1611 simulachraque
965 1553 1059 1592 rerum

308 1636 435 1708 Indidit3
455 1638 628 1713 herouruque
641 1638 750 1694 animos
764 1651 793 1694 et
806 1636 888 1693 fortia
902 1636 974 1694 sacta

310 1739 412 1795 Mirari
424 1740 455 1794 in
468 1758 546 1805 saxo,
561 1740 692 1815 vivosque
706 1740 829 1796 ediscere
842 1740 944 1797 vultus.

351 1843 471 1908 Interea,
484 1843 584 1899 obtutu
598 1842 666 1898 dum
680 1841 730 1898 fixi
744 1844 884 1900 haeremus
897 1845 927 1900 iu
942 1862 1009 1911 uno,

311 1944 451 2002 Paulatim
465 1957 560 2022 raptos
572 1964 671 2023 cepere
685 1947 789 2004 oblivia
801 1966 909 2014 sensus,
1093 1927 1105 1957 ⁹

310 2049 457 2126 Scenaque
469 2051 583 2117 mutari,
596 2061 626 2107 et
638 2068 730 2107 rernm
745 2050 903 2108 veneranda
915 2053 1023 2109 renasci

309 2152 445 2220 Nomina,
454 2153 573 2230 jamque
586 2153 674 2210 oculis
688 2156 795 2231 species
807 2173 880 2211 nova
893 2174 1006 2231 surgere
1020 2157 1129 2213 nostris.

312 2256 403 2314 Roma
416 2268 500 2332 caput
512 2257 611 2313 mundi
623 2268 731 2334 septem
745 2258 834 2315 divisa
845 2278 896 2336 per
909 2278 985 2316 arces

311 2356 437 2414 Adversa
451 2361 503 2415 sub
517 2359 579 2415 luce
593 2360 683 2431 nitet;
703 2378 759 2416 non
773 2378 911 2417 marmore
926 2360 1013 2417 Graio

311 2463 370 2518 Aut
382 2462 561 2539 AEgyptiacis
574 2463 724 2540 splendens
738 2463 859 2519 sublime
873 2463 1022 2531 columnis,

315 2563 426 2620 Intonsi
440 2565 489 2620 sed
503 2566 593 2639 qualis
607 2579 666 2622 erat
679 2567 731 2622 sub
746 2564 820 2622 fasce
833 2566 960 2623 modesto

316 2667 465 2744 Scipiadae‚
480 2667 503 2724 F
505 2667 666 2746 abillmque,
680 2668 728 2724 ubi
737 2668 798 2742 jam
812 2669 846 2726 de
861 2670 967 2726 Tibure
982 2689 1081 2728 saxum

314 2770 514 2848 Magnificum,
528 2780 556 2828 et
569 2771 635 2828 solis
648 2771 798 2829 credebant
810 2774 879 2831 utile
892 2775 1014 2852 templis.

313 2873 447 2951 Undique
462 2874 591 2932 candenti
604 2888 784 2952 properantes
796 2887 872 2934 veste
886 2877 1011 2942 Quirites

314 2978 399 3035 Sacra
412 2976 522 3035 serunt:
541 2995 606 3055 pars
620 2976 731 3036 festivas
744 2981 889 3057 accingere
902 2982 983 3039 lauru

313 3081 485 3138 Concertant
497 3080 532 3138 de
545 3100 622 3138 more
637 3080 720 3150 sores,
733 3103 798 3160 pars
811 3096 922 3142 nectere
935 3085 1025 3142 multo

315 3183 397 3241 Flore
412 3185 499 3253 Deos,
514 3196 543 3241 et
556 3185 637 3243 thura
650 3205 749 3244 omnes
762 3188 873 3245 adolere
886 3207 937 3264 per
950 3207 1021 3245 aras.

314 3287 458 3346 Obscdere
471 3289 518 3345 alii
531 3299 620 3346 turres
633 3299 661 3345 et
674 3290 749 3347 celsa
761 3291 909 3348 domorum

315 3391 450 3449 Cidmina
463 3393 690 3472 templorumque
703 3394 806 3461 aditus,
818 3414 923 3473 pompa
936 3395 1011 3454 unde
1024 3397 1110 3454 videri

315 3496 519 3572 Ingressusque
533 3498 715 3576 triumphales
728 3509 757 3556 et
770 3501 880 3557 ovantia
892 3502 999 3576 possint

1191 525 1210 578 5
